<record><leader>00000cas a2200000 a 4500</leader><controlfield tag="001">25808938</controlfield><controlfield tag="008">920513d18781927iluwr ne      0   a0eng c</controlfield><datafield ind1=" " ind2=" " tag="010"><subfield code="a">sn 92053254 </subfield></datafield><datafield ind1=" " ind2=" " tag="040"><subfield code="a">NVF</subfield><subfield code="b">eng</subfield><subfield code="c">NVF</subfield><subfield code="d">OCLCQ</subfield><subfield code="d">CVF</subfield><subfield code="d">NVF</subfield><subfield code="d">OCLCQ</subfield><subfield code="d">OCLCF</subfield><subfield code="d">NVF</subfield><subfield code="d">OCLCO</subfield></datafield><datafield ind1="1" ind2=" " tag="029"><subfield code="a">AU@</subfield><subfield code="b">000020705629</subfield></datafield><datafield ind1=" " ind2=" " tag="042"><subfield code="a">pcc</subfield></datafield><datafield ind1=" " ind2=" " tag="043"><subfield code="a">n-us-il</subfield></datafield><datafield ind1="0" ind2=" " tag="130"><subfield code="a">Mendota reporter (Mendota, Ill. : 1878)</subfield></datafield><datafield ind1="1" ind2="4" tag="245"><subfield code="a">The Mendota reporter.</subfield></datafield><datafield ind1=" " ind2=" " tag="260"><subfield code="a">Mendota, Ill. :</subfield><subfield code="b">Kellogg &amp; Gardner</subfield></datafield><datafield ind1=" " ind2=" " tag="300"><subfield code="a">v.</subfield></datafield><datafield ind1=" " ind2=" " tag="310"><subfield code="a">Weekly,</subfield><subfield code="b">&lt;Jan. 1, 1914&gt;-&lt;&gt;</subfield></datafield><datafield ind1=" " ind2=" " tag="321"><subfield code="a">Weekly (except last week in Dec.),</subfield><subfield code="b">1878-&lt;1913&gt;</subfield></datafield><datafield ind1="1" ind2=" " tag="362"><subfield code="a">Began in 1878?</subfield></datafield><datafield ind1="0" ind2=" " tag="362"><subfield code="a">-v. no. 49, [no.] 38 (Sept. 22, 1927).</subfield></datafield><datafield ind1=" " ind2=" " tag="580"><subfield code="a">Merged with: Mendota sun-bulletin, to form: Mendota reporter and the Mendota sun-bulletin.</subfield></datafield><datafield ind1=" " ind2=" " tag="588"><subfield code="a">Description based on: Vol. 2, no. 9 (Mar. 1, 1879).</subfield></datafield><datafield ind1=" " ind2="0" tag="651"><subfield code="a">Mendota (Ill.)</subfield><subfield code="v">Newspapers.</subfield></datafield><datafield ind1=" " ind2="7" tag="651"><subfield code="a">Illinois</subfield><subfield code="z">Mendota.</subfield><subfield code="2">fast</subfield><subfield code="0">(OCoLC)fst01238228</subfield></datafield><datafield ind1=" " ind2="7" tag="655"><subfield code="a">Newspapers.</subfield><subfield code="2">fast</subfield><subfield code="0">(OCoLC)fst01423814</subfield></datafield><datafield ind1=" " ind2=" " tag="752"><subfield code="a">United States</subfield><subfield code="b">Illinois</subfield><subfield code="c">La Salle</subfield><subfield code="d">Mendota.</subfield></datafield><datafield ind1="1" ind2="7" tag="785"><subfield code="t">Mendota sun-bulletin</subfield><subfield code="w">(DLC)sn 92053253</subfield><subfield code="w">(OCoLC)25808878</subfield></datafield><datafield ind1="1" ind2="7" tag="785"><subfield code="t">Mendota reporter and the Mendota sun-bulletin</subfield><subfield code="w">(DLC)sn 82015328</subfield><subfield code="w">(OCoLC)8818113</subfield></datafield></record>